@book{Barba2019,
   author = {Barba, L.A. and Barker, L.J. and Blank, D. and Brown, J. and Downey, A. and George, T. and Heagy, L. and Mandli, K. and Moore, J.K. and Lippert, D. and Niemeyer, K.E. and Watkins, R. and West, R.H. and Wickes, E. and Willing, C. and Zingale, M.},
   year = {2019},
   title = "{Teaching and learning with Jupyter}",
   publisher = {Bookdown},
   note = "\url{https://jupyter4edu.github.io}"
}
@misc{JupyterHub,
   howpublished = "\url{https://jupyter.org/hub}",
   author = "{Project Jupyter}",
   year = {2023},
   title = {Jupyter Hub},
   note = {Accedit el 12 de juliol de 2023}
}
@misc{RStudio,
   howpublished = "\url{https://education.rstudio.com/teach/}",
   author = {Posit},
   year = {2023},
   title = {Teaching a new generation of R users},
   note = {Accedit el 12 de juliol de 2023}
}
@book{Vee2017,
   author = {Vee, A},
   title = "{Coding Literacy. How computer programming is changing writing}",
   year = {2017},
   publisher = {The MIT Press},
   isbn = {9780262036245}
}
@article{Schlagwein2017,
   author = {Schlagwein, D. and Conboy, K. and Feller, J. and Leimeister, J.M. and Morgan, L.},
   title ={“Openness” with and without Information Technology: A Framework and a Brief History},
   journal = {Journal of Information Technology},
   volume = {32},
   number = {4},
   pages = {297-305},
   year = {2017},
   doi = {10.1057/s41265-017-0049-3},
   note = "\url{https://doi.org/10.1057/s41265-017-0049-3}"
}
@article{PereiraBraga2023,
   author = {Pereira Braga, P.H. and Hébert, K. and Hudgins, E.J. and Scott, E.R. and Edwards, B.P.M. and Sánchez Reyes, L.L. and Grainger, M.J. and Foroughirad, V. and Hillemann, F. and Binley, A.D. and Brookson, C.B. and Gaynor, K.M. and Shafiei Sabet, S. and Güncan, A. and Weierbach, H. and Gomes, D.G.E. and Crystal-Ornelas, R.},
   title = {Not just for programmers: How GitHub can accelerate collaborative and reproducible research in ecology and evolution},
   journal = {Methods in Ecology and Evolution},
   volume = {14},
   number = {6},
   pages = {1364-1380},
   doi = {10.1111/2041-210X.14108},
   year = {2023},
   note = "\url{https://doi.org/10.1111/2041-210X.14108}"
}
@misc{Paderborn2023,
   author = {University of Paderborn},
   title = {Git Server},
   howpublished = "\url{https://cs.uni-paderborn.de/en/irb/services/git}",
   year = {2023},
   note = "[Exemple de servidor de git universitari; accedit el 12 de juliol de 2023]"
}
@article{Brembs2023,
   author = {Brembs, B. and Lenardic, A. and Chan, L.},
   title = {Mastodon: a move to publicly owned scholarly knowledge},
   journal = {Nature},
   volume = {614},
   pages = {624},
   year = {2023},
   note = "\url{https://www.nature.com/articles/d41586-023-00486-3}"
}
@misc{mastodon,
   howpublished = "\url{https://netzpolitik.org/2023/a-call-to-action-universities-of-the-world-into-the-fediverse/}",
   author = {Leonhard Dobusch},
   title = {A call for action. Universities of the world, join the Fediverse!},
   year = {2023},
   note = "[Accedit el 12 de juliol de 2023]"
}
