@book{Barba2019,
   author = {Barba, L.A. and Barker, L.J. and Blank, D. and Brown, J. and Downey, A. and George, T. and Heagy, L. and Mandli, K. and Moore, J.K. and Lippert, D. and Niemeyer, K.E. and Watkins, R. and West, R.H. and Wickes, E. and Willing, C. and Zingale, M.},
   year = {2019},
   title = "{Teaching and learning with Jupyter}",
   publisher = {Bookdown},
   url = {https://jupyter4edu.github.io}
}
@url{JupyterHub,
   howpublished = "\url{https://jupyter.org/hub}",
   author = "{Project Jupyter}",
   year = {2023},
   title = {Jupyter Hub},
   note = {Accessed on 2023-05-04}
}
@book{Vee2017,
   author = {Vee, A},
   title = "{Coding Literacy. How computer programming is changing writing}",
   year = {2017},
   publisher = {The MIT Press},
   isbn = {9780262036245}
}
